@online{biber:2012,
    author = {Alan Munn},
    title = {bibtex vs. biber and biblatex vs. natbib},
    date = {2015-08-15},
    url = {https://tex.stackexchange.com/questions/25701/bibtex-vs-biber-and-biblatex-vs-natbib/299286},
    subtitle = {Some terminology},
    OPTorganization = {\TeX\ Stack Exchange},
    urldate = {2020-05-12},
}


@online{biber1:2012,
    author = {ebosi and user2478},
    title = {bibtex vs. biber and biblatex vs. natbib},
    date = {2015-08-15},
    url = {https://tex.stackexchange.com/questions/25701/bibtex-vs-biber-and-biblatex-vs-natbib/299286},
    subtitle = {answers to question},
    OPTorganization = {\TeX\ Stack Exchange},
    urldate = {2020-05-12},
}


